
@misc{Si_Prop,
  title = {PV.EDUCATION},
  note = {https://www.pveducation.org/pvcdrom/materials/optical-properties-of-silicon}
}

@article{chen2018donor,
  title={Donor--acceptor photovoltaic polymers based on 1, 4-dithienyl-2, 5-dialkoxybenzene with intramolecular noncovalent interactions},
  author={Chen, Xue-Qiang and Yao, Xiang and Bai, Tianwen and Ling, Jun and Xiao, Wen-Jing and Wang, Jiandong and Wu, Si-Cheng and Liu, Li-Na and Xie, Guanghui and Li, Jingjing and others},
  journal={Journal of Polymer Science Part A: Polymer Chemistry},
  volume={56},
  number={7},
  pages={689--698},
  year={2018},
  publisher={Wiley Online Library}
}

@article{chen2018large,
  title={Large-area perovskite solar cells--a review of recent progress and issues},
  author={Chen, Yichuan and Zhang, Linrui and Zhang, Yongzhe and Gao, Hongli and Yan, Hui},
  journal={RSC Advances},
  volume={8},
  number={19},
  pages={10489--10508},
  year={2018},
  publisher={Royal Society of Chemistry}
}


%@article{CastroNeto2009a,
%    title = {{The electronic properties of graphene}},
%    year = {2009},
%    journal = {Reviews of Modern Physics},
%    author = {Castro Neto, A. H. and Guinea, F and Peres, N M R and Novoselov, K S and Geim, A K},
%    number = {1},
%    pages = {109--162},
%    volume = {81},
%    isbn = {9780080431529},
%    doi = {10.1103/RevModPhys.81.109},
%    issn = {00346861},
%    pmid = {21613728},
%    arxivId = {0709.1163},
%    keywords = {0365Pm, 7320Ϫr, 8105Uw, 8245Mp CONTENTS, PACS number͑s͒}
%}